@article{phoo2020self,
  title={Self-training for Few-shot Transfer Across Extreme Task Differences},
  author={Phoo, Cheng Perng and Hariharan, Bharath},
  journal={arXiv preprint arXiv:2010.07734},
  url={https://arxiv.org/pdf/2010.07734.pdf},
  year={2020}
}

@inproceedings{zou2018unsupervised,
  title={Unsupervised domain adaptation for semantic segmentation via class-balanced self-training},
  author={Zou, Yang and Yu, Zhiding and Kumar, BVK and Wang, Jinsong},
  booktitle={Proceedings of the European conference on computer vision (ECCV)},
  pages={289--305},
  url={https://openaccess.thecvf.com/content_ECCV_2018/html/Yang_Zou_Unsupervised_Domain_Adaptation_ECCV_2018_paper.html},
  year={2018}
}

@inproceedings{yarowsky1995unsupervised,
  title={Unsupervised word sense disambiguation rivaling supervised methods},
  author={Yarowsky, David},
  booktitle={33rd annual meeting of the association for computational linguistics},
  url= "https://www.aclweb.org/anthology/P95-1026/",
  pages={189--196},
  year={1995}
}

@inproceedings{ni2019justifying,
  title={Justifying recommendations using distantly-labeled reviews and fine-grained aspects},
  author={Ni, Jianmo and Li, Jiacheng and McAuley, Julian},
  booktitle={Proceedings of the 2019 Conference on Empirical Methods in Natural Language Processing and the 9th International Joint Conference on Natural Language Processing (EMNLP-IJCNLP)},
  pages={188--197},
  url={https://www.aclweb.org/anthology/D19-1018/},
  year={2019}
}

@inproceedings{van-asch-daelemans-2010-using,
    title = "Using Domain Similarity for Performance Estimation",
    author = "Van Asch, Vincent  and
      Daelemans, Walter",
    booktitle = "Proceedings of the 2010 Workshop on Domain Adaptation for Natural Language Processing",
    month = jul,
    year = "2010",
    address = "Uppsala, Sweden",
    publisher = "Association for Computational Linguistics",
    url = "https://www.aclweb.org/anthology/W10-2605",
    pages = "31--36",
}

@article{kullback1951information,
  title={On information and sufficiency},
  author={Kullback, Solomon and Leibler, Richard A},
  journal={The annals of mathematical statistics},
  volume={22},
  number={1},
  year={1951},
  publisher={JSTOR}
}

@inproceedings{ni2019justifying,
  title={Justifying recommendations using distantly-labeled reviews and fine-grained aspects},
  author={Ni, Jianmo and Li, Jiacheng and McAuley, Julian},
  booktitle={Proceedings of the 2019 Conference on Empirical Methods in Natural Language Processing and the 9th International Joint Conference on Natural Language Processing (EMNLP-IJCNLP)},
  pages={188--197},
  year={2019}
}
@article{sak2014long,
  title={Long short-term memory recurrent neural network architectures for large scale acoustic modeling},
  url={https://storage.googleapis.com/pub-tools-public-publication-data/pdf/43905.pdf},
  author={Sak, Hasim and Senior, Andrew W and Beaufays, Fran{\c{c}}oise},
  year={2014}
}

@article{liu2021cycle,
  title={Cycle Self-Training for Domain Adaptation},
  author={Liu, Hong and Wang, Jianmin and Long, Mingsheng},
  journal={arXiv preprint arXiv:2103.03571},
  url={https://arxiv.org/pdf/2103.03571.pdf},
  year={2021}
}

@inproceedings{kumar2020understanding,
  title={Understanding self-training for gradual domain adaptation},
  author={Kumar, Ananya and Ma, Tengyu and Liang, Percy},
  booktitle={International Conference on Machine Learning},
  pages={5468--5479},
  year={2020},
  url={http://proceedings.mlr.press/v119/kumar20c/kumar20c.pdf},
  organization={PMLR}
}